@article{Walker2017,
author = {Walker, Julie and Culbertson, Heather and Raitor, Michael and Okamura, Allison},
journal = {IEEE Transactions on Haptics},
pages = {1--1},
title = {{Haptic Orientation Guidance Using Two Parallel Double-Gimbal Control Moment Gyroscopes}},
volume = {11},
number = {2},
year = {2017}
}
